<record xmlns="http://www.loc.gov/MARC21/slim" xmlns:xsi="http://www.w3.org/2001/XMLSchema-instance" xsi:schemaLocation="http://www.loc.gov/MARC21/slim http://www.loc.gov/standards/marcxml/schema/MARC21slim.xsd"><leader>00555cz   2200169n  4500</leader><controlfield tag="001">oca00392321 </controlfield><controlfield tag="005">19890714054354.3</controlfield><controlfield tag="008">800313n| acannaab|          |a aaa      </controlfield><datafield ind1=" " ind2=" " tag="010"><subfield code="a">n  80009786 </subfield></datafield><datafield ind1=" " ind2=" " tag="040"><subfield code="a">DLC</subfield><subfield code="c">DLC</subfield><subfield code="d">NjP</subfield></datafield><datafield ind1="0" ind2=" " tag="100"><subfield code="a">Achilles Tatius</subfield></datafield><datafield ind1="1" ind2=" " tag="400"><subfield code="a">Tatius, Achilles</subfield></datafield><datafield ind1="0" ind2=" " tag="400"><subfield code="a">Achilleus Tatios</subfield></datafield><datafield ind1="0" ind2=" " tag="400"><subfield code="a">Achilles Tatius Alexandrinus</subfield></datafield><datafield ind1="0" ind2=" " tag="400"><subfield code="a">Achille Tazio</subfield></datafield><datafield ind1=" " ind2=" " tag="670"><subfield code="a">His Leukippe und Kleitophon, 1980:</subfield><subfield code="b">t.p. (Achilleus Tatios) verso t.p. (Achilles &lt;Tatius Alexandrinus&gt;)</subfield></datafield><datafield ind1=" " ind2=" " tag="670"><subfield code="a">Storie d'amore autiche, 1987:</subfield><subfield code="b">p. 409 (Achille Tazio)</subfield></datafield></record>